@Manual{manual,
note 		= "was used for most of this reports content. ",
title       = "Nuclear Magnetic Resonance F61/F62",
author	    = "R. Schicker",
organization= "Physikalisches Institut",
address     = "Philosophenweg 12, 69120 Heidelberg",
edition     = "2.0",
date	    = "2010-04-14",

}
@Manual{bruker,
title = {Manual pf the minispec mq series},
url = {https://www.bruker.com/fileadmin/user_upload/8-PDF-Docs/MagneticResonance/TD-NMR/minispec_mqseries_T137089.pdf},
}

