@manual{manual,
note = "was used for most of this reports content. ",
title = "FP30 - CCD photometry in modern astronomy",
author = "Jörg-Uwe Pott",
organization = "MPI for Astronomy",
adress  = "Königsstuhl 17, 69117 Heidelberg",
edition = "4.0.3",
date = "2017-08-10",
}

@article{Goldreich_1990,
doi = {10.1086/169376},
url = {https://doi.org/10.1086%2F169376},
year = {1990},
month = {nov},
publisher = {{IOP} Publishing},
volume = {363},
pages = {694},
author = {Peter Goldreich and Pawan Kumar},
title = {{Wave generation by turbulent convection}},
journal = {The Astrophysical Journal},
}

@article{Kumar_1994,
doi = {10.1086/174159},
url = {https://doi.org/10.1086%2F174159},
year = {1994},
month = {may},
publisher = {{IOP} Publishing},
volume = {427},
pages = {483},
author = {Pawan Kumar and Peter Goldreich and Richard Kerswell},
title = {{Effect of nonlinear interactions on p-mode frequencies and line widths}},
journal = {The Astrophysical Journal},
}

@article{rochau2007star,
  title={The star-forming region NGC 346 in the small magellanic cloud with hubble space telescope acs observations. II. Photometric study of the intermediate-age star cluster BS 90},
  author={Rochau, Boyke and Gouliermis, Dimitrios A and Brandner, Wolfgang and Dolphin, Andrew E and Henning, Thomas},
  journal={The Astrophysical Journal},
  volume={664},
  number={1},
  pages={322},
  year={2007},
  publisher={IOP Publishing}
}

@online{readout,
author = {Chris McFee},
title = {Noise sources in a CCD},
year = {2019},
url = {http://www.mssl.ucl.ac.uk/www_detector/ccdgroup/optheory/darkcurrent.html#Readout%20noise},
subtitle = {Readout noise},
urldate = {2019-07-10},
}

@online{NASA,
author = {B.J. Mochejska, J. Kaluzny (CAMK)},
title = {Globular cluster M55},
url = {https://apod.nasa.gov/apod/ap010223.html},
titleaddon = {Astronomy Picture of the Day},
organization = {NASA},
date = {2001-02-23},
}

@online{HRWiki,
author = {Richard Powell},
title = {The Hertzsprung Russell Diagramm},
year = {2011},
url = {https://en.wikipedia.org/wiki/Hertzsprung%E2%80%93Russell_diagram#/media/File:HRDiagram.png},
}

@online{HST_visit_report,
author = {},
title = {},
year = {},
url = {http://www.stsci.edu/cgi-bin/get-visit-status?id=10248&markupFormat=html&observatory=HST},
urldate = {2019-03-27},
}

@online{HST_zeropoint,
author = {},
title = {},
year = {},
url = {https://acszeropoints.stsci.edu/},
urldate = {2019-03-27},
}

@online{band_gap_dep,
author = {Bart J. Van Zeghbroeck},
title = {2.2.5 Temperature dependence of the energy bandgap},
year = {1996,1997},
url = {https://ecee.colorado.edu/~bart/book/eband5.htm},
urldate = {2019-07-12}
}

@online{rsq,
author = {},
title = {Coefficient of determination},
year = {},
url = {https://en.wikipedia.org/wiki/Coefficient_of_determination},
urldate = {2019-07-15}
}